@inproceedings{coredet,
 author = {Bergan, Tom and Anderson, Owen and Devietti, Joseph and Ceze, Luis and Grossman, Dan},
 title = {CoreDet: a compiler and runtime system for deterministic multithreaded execution},
 booktitle = {Proceedings of the fifteenth edition of ASPLOS on Architectural Support for Programming Languages and Operating Systems},
 series = {ASPLOS '10},
 year = {2010},
 isbn = {978-1-60558-839-1},
 location = {Pittsburgh, Pennsylvania, USA},
 pages = {53--64},
 numpages = {12},
 url = {http://doi.acm.org/10.1145/1736020.1736029},
 doi = {http://doi.acm.org/10.1145/1736020.1736029},
 acmid = {1736029},
 publisher = {ACM},
 address = {New York, NY, USA},
 keywords = {compilers, determinism, multicore, multithreading},
}

@inproceedings{grace,
 author = {Berger, Emery D. and Yang, Ting and Liu, Tongping and Novark, Gene},
 title = {Grace: safe multithreaded programming for C/C++},
 booktitle = {Proceeding of the 24th ACM SIGPLAN conference on Object Oriented Programming Systems Languages and Applications},
 series = {OOPSLA '09},
 year = {2009},
 isbn = {978-1-60558-766-0},
 location = {Orlando, Florida, USA},
 pages = {81--96},
 numpages = {16},
 url = {http://doi.acm.org/10.1145/1640089.1640096},
 doi = {http://doi.acm.org/10.1145/1640089.1640096},
 acmid = {1640096},
 publisher = {ACM},
 address = {New York, NY, USA},
 keywords = {concurrency, determinism, deterministic concurrency, fork-join, sequential semantics},
} 

@inproceedings{dmp,
 author = {Devietti, Joseph and Lucia, Brandon and Ceze, Luis and Oskin, Mark},
 title = {DMP: deterministic shared memory multiprocessing},
 booktitle = {Proceeding of the 14th international conference on Architectural Support for Programming Languages and Operating Systems},
 series = {ASPLOS '09},
 year = {2009},
 isbn = {978-1-60558-406-5},
 location = {Washington, DC, USA},
 pages = {85--96},
 numpages = {12},
 url = {http://doi.acm.org/10.1145/1508244.1508255},
 doi = {http://doi.acm.org/10.1145/1508244.1508255},
 acmid = {1508255},
 publisher = {ACM},
 address = {New York, NY, USA},
 keywords = {debugging, determinism, multicores, parallel programming},
} 

@article{racey,
 author = {Hill, M. and Xu, M.},
 title = {Racey: A Stress Test for Deterministic Execution},
 year = {2002},
 journal = {http://www.cs.wisc.edu/~markhill/racey.html},
}

@inproceedings{kendo,
 author = {Olszewski, Marek and Ansel, Jason and Amarasinghe, Saman},
 title = {Kendo: efficient deterministic multithreading in software},
 booktitle = {Proceeding of the 14th international conference on Architectural Support for Programming Languages and Operating Systems},
 series = {ASPLOS '09},
 year = {2009},
 isbn = {978-1-60558-406-5},
 location = {Washington, DC, USA},
 pages = {97--108},
 numpages = {12},
 url = {http://doi.acm.org/10.1145/1508244.1508256},
 doi = {http://doi.acm.org/10.1145/1508244.1508256},
 acmid = {1508256},
 publisher = {ACM},
 address = {New York, NY, USA},
 keywords = {debugging, determinism, deterministic multithreading, multicore, parallel programming},
}

@article{recplay,
 author = {Ronsse, Michiel and De Bosschere, Koen},
 title = {RecPlay: a fully integrated practical record/replay system},
 journal = {ACM Trans. Comput. Syst.},
 volume = {17},
 issue = {2},
 month = {May},
 year = {1999},
 issn = {0734-2071},
 pages = {133--152},
 numpages = {20},
 url = {http://doi.acm.org/10.1145/312203.312214},
 doi = {http://doi.acm.org/10.1145/312203.312214},
 acmid = {312214},
 publisher = {ACM},
 address = {New York, NY, USA},
 keywords = {binary code modification, multithreaded programming, race detection},
}

@inproceedings{dpj,
 author = {Bocchino,Jr., Robert L. and Adve, Vikram S. and Dig, Danny and Adve, Sarita V. and Heumann, Stephen and Komuravelli, Rakesh and Overbey, Jeffrey and Simmons, Patrick and Sung, Hyojin and Vakilian, Mohsen},
 title = {A type and effect system for deterministic parallel Java},
 booktitle = {Proceeding of the 24th ACM SIGPLAN conference on Object Oriented Programming Systems Languages and Applications},
 series = {OOPSLA '09},
 year = {2009},
 isbn = {978-1-60558-766-0},
 location = {Orlando, Florida, USA},
 pages = {97--116},
 numpages = {20},
 url = {http://doi.acm.org/10.1145/1640089.1640097},
 doi = {http://doi.acm.org/10.1145/1640089.1640097},
 acmid = {1640097},
 publisher = {ACM},
 address = {New York, NY, USA},
 keywords = {commutativity, determinism, deterministic parallelism, effect systems, effects},
}
